@Article{socialbot_network,
author={Yazan Boshmaf, Ildar Muslukhov, Konstantin Beznosov, Matei Ripeanu},
title={The Socialbot Network: When Bots Socialize for Fame and Money},
year={2012},
month={February},
pages={40},
notes={University of British Columbia, Vancouver, Canada}
}

@misc{obsessed_with_facebook,
author={Online Schools},
title={Obsessed With Facebook},
year={2011},
note={\url{http://www.onlineschools.org/blog/facebook-obsession/}}
}

@misc{stats_of_the_day,
author={Mediabistro},
title={Stats of the day},
year={2012},
note={\url{http://www.digitalbuzzblog.com/social-media-statistics-stats-2012-infographic/}}
}

@misc{wikipedia_social_networking_service,
author={Wikipedia},
title={Social Networking Service},
year={2012},
note={\url{http://en.wikipedia.org/wiki/Social_networking_service}}
}

@misc{wikipedia_facebook,
author={Wikipedia},
title={Facebook},
year={2012},
month={March},
note={\url{http://en.wikipedia.org/wiki/Facebook}}
}

@misc{wikipedia_twitter,
author={Wikipedia},
title={Twitter},
year={2012},
month={March},
note={\url{http://en.wikipedia.org/wiki/Twitter}}
}

@misc{facebook_takes_over_top_spot_twitter_climbs,
author={CompetePulse},
title={Social Networks: Facebook Takes Over Top Spot, Twitter Climbs},
year={2009},
note={\url{http://blog.compete.com/2009/02/09/facebook-myspace-twitter-social-network/}}
}

@misc{facebook_user_profiles,
author={Barracuda Labs},
title={Facebook user profiles},
note={\url{http://www.barracudalabs.com/fbinfographic/}}
}